@article{Babson-et-al,
	author = {Eric Babson and Hélène Barcelo and Marke de Loungeville and Reinhard Laubenbacher},
	title = {Homotopy theroy of graphs},
	year = {2006},
	journal = {Journal of Algebraic Combinatorics},
	volume = {24},
	numner = {1},
	pages = {31-44},
}

@article{Babson-Kozlov,
	author = {Eric Babson and Dmitry N. Kozlov},
	title = {Proof of the Lovàsz conjecture},
	year = {2007},
	journal = {Annals of Mathematics},
	volume = {165},
	number = {3},
	pages = {965-1007},
}

@misc{Chih-Scull,
	author = {Tien Chih and Laura Scull},
	title = {A Homotopy Category for Graphs}, 
	year = {2020},
	eprint = {1901.01619v2},
	archivePrefix = {arXiv},
	primaryClass = {math.CO},
}

@article{Dochtermann_Hom-complexes,
	author = {Anton Dochtermann},
	title = {Hom complexes and homotopy theory in the category of graphs},
	year = {2009},
	journal = {European Journal of Combinatorics},
	volume = {30},
	number = {2},
	pages = {490-509},
}

@article{Dochtermann_Homotopy,
	author = {Anton Dochtermann},
	title = {Homotopy groups of hom complexes of graphs},
	year = {2009},
	journal = {Journal of Combinatorial Theory, Series A},
	volume = {116},
	number = {1},
	pages = {180-194},
}

@article{Droz,
	author = {Jean-Marie Droz},
	title = {Quillen model structions on the category of graphs},
	year = {2012},
	journal = {Homology, Homotopy and Applications},
	volume = {14},
	number = {2},
	pages = {265-284},
}

@article{Fieux-Lacaze,
	author = {Etienne Fieux and Jacqueline Lacaze},
	title = {Foldings in graphs and relations with simplicial complexes and posets},
	year = {2012},
	journal = {Discrete Mathematics},
	volume = {312},
	number = {17},
	pages = {2639-2651},
}

@misc{Goyal-Santhanam,
	author = {Shuchita Goyal and Rekha Santhanam}, 
	title = {(Lack of) Model structures on the category of graphs},
	year = {2005},
}

@misc{Kozlov_Chromatic,
	author = {Dmitry N. Kozlov},
	title = {Chromatic numbers, morphism complexes, and Stiefel-Whitney characteristic classes},
	year = {2005},
}

@article{Kozlov_A-simple-proof,
	author = {Dmitry N. Kozlov},
	title = {A simple proof for folds on both sides in complexes of graph homomorphisms},
	year = {2006},
	journal = {roceedings of the
	American Mathematical Society},
	volume = {134},
	number = {5},
	pages = {1265-1270},
}

@article{Kozlov_Collapsing,
	author = {Dmitry N. Kozlov},
	title = {Collapsing along monotone poset maps},
	year = {2006},
	journal = {International Jounral of Mathematics},
	volume = {8},
}

@article{Kozlov_Simple-htpy,
	author = {Dmitry N. Kozlov},
	title = {Simple homotopy types of Hom-complexes, neighborhood complexes, Lovàsz complexes, and atom cross-cut complexes},
	year = {2006},
	journal = {Topology Applications},
	volume = {14},
	pages = {2445-2454},
}

@misc{Plessas,
	author = {Demitri Joel Plessas}, 
	title = {The Categories of Graphs},
	year = {2011},
	note = {Doctoral thesis},
}
